<?xml version="1.0" encoding="UTF-8"?><collection xmlns="http://www.loc.gov/MARC21/slim"><record><leader>00383nam--2200133-i-4500</leader><controlfield tag="001">000018117</controlfield><controlfield tag="002">20161230</controlfield><controlfield tag="005">20161230201032</controlfield><controlfield tag="008">060222s1000------------r-----000-0-eng-d</controlfield><datafield ind1=" " ind2=" " tag="080"><subfield code="a">621.791.7</subfield></datafield><datafield ind1=" " ind2=" " tag="100"><subfield code="a">Dobranin, I.F</subfield></datafield><datafield ind1=" " ind2=" " tag="245"><subfield code="a">Din experienta sudorilor stahanovisti in sudarea electrica manuala</subfield></datafield><datafield ind1=" " ind2=" " tag="260"><subfield code="a">Bucuresti, Institutul De Documentare Tehnica, 1952. 34 P</subfield></datafield><datafield ind1=" " ind2=" " tag="852"><subfield code="a">26304</subfield></datafield></record></collection>